{
  "leader": "02810cam a2200445 a 4500",
  "fields": [
    {
      "001": "ocm29952556\\"
    },
    {
      "003": "OCoLC"
    },
    {
      "005": "20220301114748.0"
    },
    {
      "008": "940215s1994\\\\\\\\ctua\\\\\\\\\\b\\\\\\\\001\\0\\eng\\\\"
    },
    {
      "010": {
        "ind1": "\\",
        "ind2": "\\",
        "subfields": [
          {
            "a": "   94005831 "
          }
        ]
      }
    },
    {
      "040": {
        "ind1": "\\",
        "ind2": "\\",
        "subfields": [
          {
            "a": "DLC"
          },
          {
            "b": "eng"
          },
          {
            "c": "DLC"
          },
          {
            "d": "UKM"
          },
          {
            "d": "BAKER"
          },
          {
            "d": "BTCTA"
          },
          {
            "d": "YDXCP"
          },
          {
            "d": "OCLCQ"
          },
          {
            "d": "OCLCG"
          },
          {
            "d": "GEBAY"
          },
          {
            "d": "BDX"
          },
          {
            "d": "EUM"
          },
          {
            "d": "OCLCO"
          },
          {
            "d": "OCLCF"
          },
          {
            "d": "OCLCQ"
          },
          {
            "d": "DGW"
          },
          {
            "d": "DEBBG"
          },
          {
            "d": "NLC"
          },
          {
            "d": "OCLCQ"
          },
          {
            "d": "OCLCO"
          },
          {
            "d": "OCLCQ"
          },
          {
            "d": "TYC"
          },
          {
            "d": "OCLCA"
          },
          {
            "d": "OCL"
          },
          {
            "d": "ZGM"
          }
        ]
      }
    },
    {
      "015": {
        "ind1": "\\",
        "ind2": "\\",
        "subfields": [
          {
            "a": "GB9475262"
          },
          {
            "2": "bnb"
          }
        ]
      }
    },
    {
      "016": {
        "ind1": "\\",
        "ind2": "\\",
        "subfields": [
          {
            "a": "(AMICUS)000013879616"
          }
        ]
      }
    },
    {
      "019": {
        "ind1": "\\",
        "ind2": "\\",
        "subfields": [
          {
            "a": "31285631"
          },
          {
            "a": "1201975414"
          }
        ]
      }
    },
    {
      "020": {
        "ind1": "\\",
        "ind2": "\\",
        "subfields": [
          {
            "a": "0313281955"
          },
          {
            "q": "(alk. paper)"
          }
        ]
      }
    },
    {
      "020": {
        "ind1": "\\",
        "ind2": "\\",
        "subfields": [
          {
            "a": "9780313281952"
          },
          {
            "q": "(alk. paper)"
          }
        ]
      }
    },
    {
      "035": {
        "ind1": "\\",
        "ind2": "\\",
        "subfields": [
          {
            "a": "(OCoLC)29952556"
          },
          {
            "z": "(OCoLC)31285631"
          },
          {
            "z": "(OCoLC)1201975414"
          }
        ]
      }
    },
    {
      "050": {
        "ind1": "0",
        "ind2": "0",
        "subfields": [
          {
            "a": "Z8308.34"
          },
          {
            "b": ".G74 1994 "
          }
        ]
      }
    },
    {
      "055": {
        "ind1": "\\",
        "ind2": "1",
        "subfields": [
          {
            "a": "Z8308.34"
          }
        ]
      }
    },
    {
      "082": {
        "ind1": "0",
        "ind2": "0",
        "subfields": [
          {
            "a": "016.973925092"
          },
          {
            "b": "GRE"
          }
        ]
      }
    },
    {
      "049": {
        "ind1": "\\",
        "ind2": "\\",
        "subfields": [
          {
            "a": "NYRV"
          }
        ]
      }
    },
    {
      "100": {
        "ind1": "1",
        "ind2": "\\",
        "subfields": [
          {
            "a": "Greene, John Robert,"
          },
          {
            "d": "1955-"
          }
        ]
      }
    },
    {
      "245": {
        "ind1": "1",
        "ind2": "0",
        "subfields": [
          {
            "a": "Gerald R. Ford :"
          },
          {
            "b": "a bibliography /"
          },
          {
            "c": "compiled by John Robert Greene."
          }
        ]
      }
    },
    {
      "260": {
        "ind1": "\\",
        "ind2": "\\",
        "subfields": [
          {
            "a": "Westport, Conn. :"
          },
          {
            "b": "Greenwood Press,"
          },
          {
            "c": "1994."
          }
        ]
      }
    },
    {
      "300": {
        "ind1": "\\",
        "ind2": "\\",
        "subfields": [
          {
            "a": "xxxviii, 148 pages :"
          },
          {
            "b": "illustrations ;"
          },
          {
            "c": "25 cm."
          }
        ]
      }
    },
    {
      "336": {
        "ind1": "\\",
        "ind2": "\\",
        "subfields": [
          {
            "a": "text"
          },
          {
            "b": "txt"
          },
          {
            "2": "rdacontent"
          }
        ]
      }
    },
    {
      "337": {
        "ind1": "\\",
        "ind2": "\\",
        "subfields": [
          {
            "a": "unmediated"
          },
          {
            "b": "n"
          },
          {
            "2": "rdamedia"
          }
        ]
      }
    },
    {
      "338": {
        "ind1": "\\",
        "ind2": "\\",
        "subfields": [
          {
            "a": "volume"
          },
          {
            "b": "nc"
          },
          {
            "2": "rdacarrier"
          }
        ]
      }
    },
    {
      "490": {
        "ind1": "1",
        "ind2": "\\",
        "subfields": [
          {
            "a": "Bibliographies of the presidents of the United States,"
          },
          {
            "x": "1061-6500 ;"
          },
          {
            "v": "no. 37"
          }
        ]
      }
    },
    {
      "500": {
        "ind1": "\\",
        "ind2": "\\",
        "subfields": [
          {
            "a": "Includes indexes."
          }
        ]
      }
    },
    {
      "505": {
        "ind1": "0",
        "ind2": "0",
        "subfields": [
          {
            "g": "1."
          },
          {
            "t": "Manuscript and Archival Sources --"
          },
          {
            "g": "2."
          },
          {
            "t": "Oral Histories and Interviews --"
          },
          {
            "g": "3."
          },
          {
            "t": "Writings of Gerald R. Ford --"
          },
          {
            "g": "4."
          },
          {
            "t": "Biographical Publications --"
          },
          {
            "g": "5. Childhood and Early Development: 1913-1948 --"
          },
          {
            "g": "6. Congressman: 1949-1973 --"
          },
          {
            "g": "7. Vice Presidency and Transition: October 1973-August 1974 --"
          },
          {
            "g": "8."
          },
          {
            "t": "Ford Presidency: General Studies --"
          },
          {
            "g": "9."
          },
          {
            "t": "Ford Presidency: the Cabinet and the White House Staff --"
          },
          {
            "g": "10."
          },
          {
            "t": "Ford Presidency: the Pardon of Richard M. Nixon --"
          },
          {
            "g": "11."
          },
          {
            "t": "Ford Presidency: Congressional Relations --"
          },
          {
            "g": "12."
          },
          {
            "t": "Ford Presidency: Domestic Policies --"
          },
          {
            "g": "13."
          },
          {
            "t": "Ford Presidency: Foreign and Defense Policies --"
          },
          {
            "g": "14."
          },
          {
            "t": "Investigation of the Intelligency Community --"
          },
          {
            "g": "15."
          },
          {
            "t": "Press and Public Relations --"
          },
          {
            "g": "16."
          },
          {
            "t": "Vice Presidency of Nelson A. Rockefeller --"
          },
          {
            "g": "17."
          },
          {
            "t": "American Bicentennial --"
          },
          {
            "g": "18."
          },
          {
            "t": "Presidential Election of 1976 --"
          },
          {
            "g": "19."
          },
          {
            "t": "Post-Presidential Years (1977-Present) --"
          },
          {
            "g": "20."
          },
          {
            "t": "Personal Life of Gerald R. Ford --"
          },
          {
            "g": "21."
          },
          {
            "t": "Historiographical Materials --"
          },
          {
            "g": "22."
          },
          {
            "t": "Iconography."
          }
        ]
      }
    },
    {
      "600": {
        "ind1": "1",
        "ind2": "0",
        "subfields": [
          {
            "a": "Ford, Gerald R.,"
          },
          {
            "d": "1913-2006"
          },
          {
            "v": "Bibliography."
          }
        ]
      }
    },
    {
      "600": {
        "ind1": "1",
        "ind2": "7",
        "subfields": [
          {
            "a": "Ford, Gerald R.,"
          },
          {
            "d": "1913-2006"
          },
          {
            "2": "fast"
          },
          {
            "0": "(OCoLC)fst00031913"
          }
        ]
      }
    },
    {
      "655": {
        "ind1": "\\",
        "ind2": "7",
        "subfields": [
          {
            "a": "Bibliographies."
          },
          {
            "2": "fast"
          },
          {
            "0": "(OCoLC)fst01919895"
          }
        ]
      }
    },
    {
      "776": {
        "ind1": "0",
        "ind2": "8",
        "subfields": [
          {
            "i": "Online version:"
          },
          {
            "a": "Greene, John Robert, 1955-"
          },
          {
            "t": "Gerald R. Ford."
          },
          {
            "d": "Westport, Conn. : Greenwood Press, 1994"
          },
          {
            "w": "(OCoLC)605063970"
          }
        ]
      }
    },
    {
      "776": {
        "ind1": "0",
        "ind2": "8",
        "subfields": [
          {
            "i": "Online version:"
          },
          {
            "a": "Greene, John Robert, 1955-"
          },
          {
            "t": "Gerald R. Ford."
          },
          {
            "d": "Westport, Conn. : Greenwood Press, 1994"
          },
          {
            "w": "(OCoLC)624723474"
          }
        ]
      }
    },
    {
      "830": {
        "ind1": "\\",
        "ind2": "0",
        "subfields": [
          {
            "a": "Bibliographies of the presidents of the United States ;"
          },
          {
            "v": "no. 37."
          },
          {
            "x": "1061-6500"
          }
        ]
      }
    },
    {
      "912": {
        "ind1": "\\",
        "ind2": "\\",
        "subfields": []
      }
    },
    {
      "999": {
        "ind1": "\\",
        "ind2": "\\",
        "subfields": [
          {
            "a": "00000000016624"
          }
        ]
      }
    },
    {
      "994": {
        "ind1": "\\",
        "ind2": "\\",
        "subfields": [
          {
            "a": "C0"
          },
          {
            "b": "NYRVC"
          }
        ]
      }
    }
  ]
}